2804 4652
312 677 422 754 Quum
432 677 543 740 mirari
556 699 652 742 nemo
664 677 793 758 debeat,
806 675 896 763 qnod
911 675 953 740 de
963 671 1174 738 clarissimis
1187 667 1331 756 quibas:

268 773 334 872 que
353 786 385 848 in
398 786 593 870 antiquitate
607 787 794 850 hominibus
813 789 925 872 ingens
935 785 1142 848 fabularum
1160 791 1242 846 tum
1260 781 1331 843 satis

264 895 449 980 lepidarnrn
470 903 539 958 tnm‘
560 897 701 960 sutilium
724 899 976 982 ineptarnmqne
1003 895 1111 980 copia
1137 891 1242 976 apud
1271 909 1331 973 pn-

266 1007 422 1071 stericres
438 1005 615 1088 scriptores
632 1008 863 1069 circumfertur
874 1029 882 1066 ι
893 1005 959 1067 hoc
975 1006 1065 1068 enim
1085 1003 1199 1089 quasi
1220 997 1330 1062 tribu-

264 1121 335 1176 tum
347 1113 461 1198 quovis
476 1123 625 1200 tempore
639 1126 673 1178 et
694 1117 806 1200 quavis
821 1117 855 1178 in
877 1125 965 1178 terre
987 1115 1183 1200 praeclaro
1202 1110 1330 1194 cuiqn‘e‘

264 1225 336 1294 uiro
359 1226 552 1290 solvendum
574 1235 633 1304 est,
655 1237 692 1288 nt
713 1229 782 1289 fere
803 1235 966 1310 perpetuo
989 1225 1024 1286 in
1045 1215 1250 1285 ιιοιιιὶιιιιιιι
1273 1236 1329 1278 ore

263 1345 414 1400 versetur
435 1337 691 1434 vituperantium
713 1347 812 1422 atque
830 1336 1058 1398 illudentium·
1084 1334 1187 1395 illud
1213 1329 1327 1393 temen
1378 1327 1379 1362 ι

263 1430 386 1513 mirum
405 1426 513 1510 videri
535 1447 643 1524 debet,
667 1447 756 1530 quod
778 1468 858 1530 prae
881 1447 999 1508 ceteris
1023 1445 1056 1505 in
1080 1441 1326 1528 philosophos

264 1565 298 1620 et
315 1565 438 1642 poetas,
461 1559 517 1642 qui
540 1566 648 1622 temen
665 1557 852 1641 plusculum
869 1557 983 1618 avitae
1005 1555 1113 1616 turbis
1144 1551 1324 1616 recedere

263 1653 390 1745 scient,
423 1689 601 1754 permagna
635 1667 880 1731 historiolamm
913 1665 1013 1729 moles
1048 1673 1096 1726 est:
1137 1669 1321 1748 congesta.

263 1773 365 1836 Cuius
403 1777 455 1838 rei
491 1799 592 1860 quum
612 1779 783 1840 rationem
813 1777 1027 1862 quaerimur,
1062 1775 1132 1838 hoc
1175 1773 1321 1860 quidem

263 1884 372 1943 stetim
384 1887 540 1962 occurrit,
563 1887 655 1968 quod
676 1886 783 1949 salent
804 1887 874 1949 sere
898 1888 954 1970 qui
977 1887 1108 1971 ingenio
1135 1884 1320 1966 excellunt

204 2045 208 2052 .
263 1990 447 2089 admirpbili
471 1993 568 2054 etiam
590 1995 752 2080 singulare
788 1996 942 2078 quiddam
976 2018 1014 2058 ac
1045 2001 1316 2080 praeposterum

264 2079 413 2204 innatum
444 2100 584 2196 habere,
618 2125 683 2186 quo
713 2104 754 2165 ad
787 2105 927 2168 misaac
949 2099 1313 2190 ridiculaperagendi

135 2221 138 2233 ¹
250 2189 368 2319 ἰιιιίιιιι
368 2212 581 2322 adiguntun
603 2215 648 2276 ita
670 2225 708 2276 ut
728 2199 898 2280 hominnm
919 2217 1029 2278 fabule
1047 2215 1139 2278 fiant.
1163 2209 1313 2279 Accedit

253 2325 355 2432 ιιιιιιιιι
377 2346 457 2418 prae
479 2311 597 2387 ceteris
619 2325 807 2410 philosophi
830 2336 864 2389 et
882 2335 1000 2414 poetae
1015 2348 1196 2389 commune
1213 2319 1308 2424 quasi

251 2412 442 2538 ,ιιιιιιιιιιι
410 2445 502 2498 ιιιιιι
508 2435 688 2516 hominum,
711 2439 834 2524 quippe
856 2462 875 2500 a
897 2425 1015 2522 quihus
1037 2437 1159 2520 scripta
1185 2453 1309 2499 eorum

193 2573 196 2576 ·
263 2543 362 2622 etiam
384 2535 505 2632 atque
503 2548 607 2611 etiam
634 2549 804 2636 legantur,
839 2559 938 2632 atque
973 2569 1009 2608 ex
1040 2547 1159 2631 quibus
1184 2543 1305 2607 laudes

264 2675 381 2718 eorum
411 2657 579 2756 pendeant
608 2682 645 2720 ac
680 2659 860 2742 vituperia.
872 2658 971 2720 unde
994 2657 1047 2734 fit,
1069 2665 1106 2717 ut
1127 2658 1239 2718 multa
1263 2653 1305 2716 de

268 2764 306 2824 iis
330 2775 518 2857 narrentur,
540 2767 643 2832 muita
662 2770 835 2854 fingantur.
890 2765 955 2826 Sed
979 2775 1028 2828 est
1050 2766 1112 2832 alia
1134 2767 1302 2849 quaedam

262 2873 361 2981 huius
382 2875 432 2976 rei
446 2898 560 2972 nausa,
585 2901 689 2964 eaque
705 2879 860 2956 nondum,
885 2877 980 2962 quod
997 2871 1075 2956 scio,
1099 2901 1117 2937 a
1139 2877 1300 2962 quopiam

262 2961 444 3074 ebservata.
496 2987 655 3052 Nimirum
677 2990 754 3050 inde
778 2986 880 3072 quod
875 2987 951 3049 hac
973 2988 1114 3053 ratione
1124 2997 1195 3048 arta
1224 2984 1315 3048 istis

177 3170 181 3176 ⁴
251 3073 382 3155 ¹viris
351 3119 439 3194 cum
456 3100 521 3162 vita
540 3099 730 3182 quotidiana
748 3097 939 3158 coniunctio
960 3107 1008 3160 est
1021 3117 1059 3158 ac
1077 3095 1296 3171 consuetudo,

262 3167 384 3268 iictdm
415 3219 463 3269 est
495 3208 584 3269 hacid
617 3207 739 3291 dubie,
770 3217 807 3267 ut
828 3203 1023 3289 saepissime
1035 3205 1153 3268 comici
1175 3215 1295 3288 poetae

247 3303 395 3388 ,ὓιιιιιιιι
408 3316 619 3400 philesophos
653 3325 687 3380 et
719 3324 832 3399 poetas
855 3317 981 3379 facetiis
1003 3317 1172 3400 tetigerint
1194 3328 1295 3402 atque

260 3422 458 3508 etmextnt„
478 3429 557 3510 quin
588 3431 621 3488 in
654 3448 786 3492 scenam
808 3427 894 3510 ipsos
919 3427 1108 3488 induxerint
1130 3423 1293 3516 irridendi

195 3578 200 3590 ,
258 3537 370 3596 'enusm
395 3535 526 3597 ·Cnius·
540 3538 673 3622 quidem
694 3539 744 3600 rei
768 3539 964 3600 documenta
982 3539 1127 3620 primurn
1145 3559 1186 3628 ex
1209 3539 1294 3600 anti-

262 3665 327 3730 qua
349 3646 526 3730 qoma‘edia·
556 3649 624 3731 peti
645 3659 784 3732 possunt
806 3650 927 3709 multas
961 3650 1040 3708 Nem
1061 3643 1291 3731 praeterquam

252 3745 362 3838 Διιιιόιιἶ
376 3761 521 3817 omniurn
543 3779 700 3842 generum
723 3759 943 3840 ordinumque
957 3756 1018 3819 viri
1033 3756 1153 3818 iocosis
1173 3757 1290 3818 acutis-

262 3865 327 3949 qsie
349 3859 494 3930 dicteriis
518 3868 549 3927 in
575 3842 612 3928 en
633 3869 962 3950 perstringebantur,
986 3867 1082 3928 etiam
1104 3887 1165 3947 per
1187 3875 1287 3928 totam

263 3977 404 4066 aliquam
426 3964 567 4042 fabulam
588 3980 754 4065 partes-in
778 3969 996 4064 sceni'egere
1028 3985 1126 4061 atque
1158 3973 1287 4040 irrideri

261 4105 376 4150 eorum
397 4113 558 4183 personne
580 4100 657 4156 sunt
679 4098 822 4159 coactae»

625 4195 632 4204 ²
971 4201 979 4231 t
