2804 4652
665 225 909 320 ..t-ao-
1009 299 1012 311 .

206 437 325 519 qui
354 444 408 496 'ut
414 442 526 495 uetera
548 431 662 492 omnia
684 429 729 490 ita
750 427 815 491 hoe
839 437 972 510 quoque
997 429 1117 512 cupide
1140 441 1315 531 arreptum
1366 505 1369 519 ἱ

257 528 483 628 sophistarum
507 550 546 602 et
567 540 736 602 rhetorum
759 559 850 600 more
878 525 1106 620 amplificavit,
1138 551 1191 618 et,
1208 544 1311 625 quod

256 655 515 738 iestsequ'iorum
532 652 741 714 saeculorum
760 650 899 735 vitium,
910 651 1018 710 multis
1034 651 1142 715 verbis
1154 633 1310 714 inauihus

250 765 418 848 exposuit.
466 763 557 842 Quid
580 783 659 834 vero
681 760 798 822 faciam
819 761 937 843 Aesopi
960 760 1110 845 imagini,
1143 785 1227 845 quae
1251 785 1308 825 exa

255 894 375 956 -pressa
396 895 433 935 ex
465 892 626 934 marmore
656 871 869 932 Albanius-um
887 863 945 948 ’(ν.
966 871 1126 932 Viscontii
1154 873 1312 956 monogr„

259 985 348 1062 ,Gr.),‘
371 984 406 1044 in
428 983 536 1044 fronte
559 982 711 1044 editionis
736 957 847 1042 Corsis
881 983 986 1065 posita
1021 977 1089 1058 est',
1123 1006 1190 1044 non
1226 985 1331 1046 satis*

142 1103 145 1108 '
256 1093 463 1178 exploratum
473 1093 578 1155 haheo
591 1093 661 1174 ipse
674 1085 739 1154 z'id
762 1094 802 1156 ad
824 1094 966 1176 primum
987 1095 1206 1156 secundumve
1228 1103 1305 1176 post

159 1235 160 1250 ι
187 1220 189 1224 ·
262 1203 339 1266 Chr.
357 1227 387 1265 n.
408 1205 574 1266 saeculum
590 1204 801 1266 referendum
818 1225 897 1279 esse,
920 1204 980 1263 Vir
990 1204 1133 1280 illustris,
1155 1203 1304 1266 Niebuh-

259 1313 338 1389 ulus,
356 1304 439 1376 *mihi
458 1313 668 1390 asseveravit,
692 1315 749 1396 qni
773 1314 840 1402 ipse
864 1314 944 1374 illud
967 1314 1065 1375 vidit:
1098 1315 1219 1382 sedan
1243 1316 1302 1380 ad„

255 1424 488 1506 ditumAesopi
510 1445 637 1487 nomeu·
652 1423 693 1484 sit
714 1445 780 1484 non
802 1424 963 1494 meminit;
987 1445 1095 1507 neque
1118 1423 1209 1485 adest
1225 1423 1301 1484 Vis·

254 1534 361 1599 contii
383 1555 481 1618 opus:
505 1543 538 1596 et
560 1535 587 1594 si
610 1541 685 1608 est,¹
682 1545 883 1614 aquouam'
906 1543 938 1592 et
961 1555 1026 1615 quo
1050 1535 1138 1608 iure,
1160 1533 1224 1594 hoe
1242 1554 1323 1596 ue-·
1385 1591 1386 1594 ,

257 1645 429 1736 hementer
452 1643 585 1706 dubito:
605 1652 715 1725 potest
737 1643 824 1702 enim
845 1663 923 1705 esse
938 1643 1117 1706 Thersitae

254 1732 367 1821 Sed
391 1765 466 1816 utut
485 1755 550 1816 hoe
574 1763 641 1831 est,
674 1755 786 1837 priore
817 1762 924 1816 aetate
946 1757 1067 1838 Aesopi
1088 1756 1205 1818 sociem
1228 1751 1296 1818 nod

211 1874 216 1890 ‘
253 1887 329 1930 esse
363 1867 536 1950 cogitatam
567 1865 765 1943 deformem,
801 1867 922 1928 eiincit
955 1867 1119 1940 Bentleius
1152 1869 1296 1950 primum

252 1983 318 2054 ια’,
354 1976 444 2060 quod
463 1981 616 2036 'statuam
644 1975 816 2058 posuerint
843 1977 1080 2038 Athenienses:
1116 1987 1148 2038 at
1181 1977 1207 2037 si
1232 1977 1295 2040 tale

150 2085 154 2094 ’
191 2079 193 2089 ’
254 2096 438 2150 monstrum
474 2086 530 2148 ille
563 2085 696 2162 fuisset,
726 2108 792 2146 non
825 2087 959 2148 honoris
992 2089 1049 2148 sed
1079 2089 1294 2150 deformitatis

254 2205 504 2258 monumentum
524 2198 673 2279 suturam
696 2219 767 2259 eam
788 2198 903 2270 fuisse3
926 2199 1041 2259 melius
1056 2200 1293 2260 ee'rteconsula

224 2391 227 2398 ι
254 2316 324 2372 tum
335 2289 433 2368 liiisse
447 2308 515 2370 eius
527 2309 747 2384 memoriae‚si
761 2311 941 2371 eamsolam
957 2310 1175 2394 reliquissent.
1192 2309 1292 2387 Quod

197 2451 203 2464 ·
251 2417 388 2501 quidem
410 2419 506 2480 etiam
524 2419 724 2482 manifestius
736 2427 804 2496 est‚'
817 2409 1026 2507 sixingentem
1037 2421 1134 2484 luisse
1152 2429 1293 2482 statuam

253 2537 403 2608 reputes:
423 2551 519 2612 quam
534 2523 710 2591 lectionem
721 2529 886 2590 Bentleius
904 2529 1093 2594 inPhuedro
1108 2531 1127 2589 l.
1141 2531 1161 2590 l.
1174 2532 1292 2592 reiecit

252 2638 397 2722 quidem,
414 2637 471 2698 sed
484 2627 614 2704 iniuria.
628 2641 825 2722 Quanquam
845 2641 910 2700 hoc
929 2642 1063 2701 tortasse
1087 2653 1152 2702 non
1176 2643 1291 2725 inepte

253 2747 371 2830 uliquis
389 2723 493 2826 dicat,
516 2751 729 2814 Athenienses
754 2751 891 2834 effigiem
900 2752 1019 2834 Aesopi
1032 2752 1058 2812 si
1070 2759 1214 2813 statuere
1231 2775 1290 2814 vo-

251 2855 397 2934 luerint,
428 2859 601 2922 formosam
632 2873 774 2946 statuere
809 2861 981 2936 debuisse,
1004 2864 1068 2922 etsi
1092 2862 1160 2943 ipse
1182 2865 1290 2945 turpis

250 2969 373 3047 fuisset,
390 2981 565 3053 propterea
585 2974 675 3057 quod
693 2974 856 3031 Graecum
871 2981 941 3032 crat
955 2972 1036 3031 nihil
1046 2981 1142 3054 turpe
1155 2974 1288 3056 lingere

250 3077 316 3144 Sed
329 3090 503 3161 praeterea
519 3083 685 3144 Bentleius
707 3081 807 3140 multa
821 3091 916 3141 acute
932 3087 964 3142 et
984 3083 1079 3142 docte
1099 3083 1288 3164 disputavitg

220 3221 222 3235 =
250 3209 299 3252 ex·
316 3191 433 3272 quihus
465 3195 633 3253 manifesto
658 3201 794 3274 apparet
815 3203 1056 3273 postremorum
1079 3193 1288 3254 saeeuloruui

247 3300 353 3364 fraus:
378 3303 463 3364 inter
487 3323 571 3384 quae
585 3303 647 3362 hoe
669 3312 717 3361 est
733 3275 906 3361 admodum
923 3301 1094 3382 probabile
1111 3323 1288 3388 argumen-

248 3418 333 3486 tum,
355 3412 457 3495 quod
486 3411 682 3474 Philostrato
714 3434 751 3472 ea
779 3413 886 3474 fabula
916 3401 1178 3496 ignota'prorsus
1203 3415 1287 3482 fuiti

250 3521 276 3584 ia
301 3523 387 3584 enim
410 3545 513 3604 quum
533 3522 651 3604 Aesopi
676 3523 847 3606 imaginem
870 3523 1016 3606 depingit
1028 3524 1128 3600 (leon.
1139 3544 1171 3603 p·
1188 3523 1287 3600 7354,

247 3631 484 3694 deformitatem
509 3652 574 3694 uon
597 3632 702 3694 solum
725 3655 789 3694 nou
814 3633 925 3714 tangit,
950 3633 1006 3692 sed
1029 3631 1178 3711 pulcram
1201 3655 1287 3714 quo-a

248 3764 312 3823 que
333 3744 472 3803 tonnam
494 3741 658 3802 describit.
711 3742 802 3804 Adde
827 3743 916 3826 quod
940 3765 999 3802 nec
1023 3741 1189 3800 Phaedrus
1214 3764 1310 3805 eam·

135 3879 139 3900 ι
246 3860 405 3925 uouerat,
425 3838 664 3934 'quiquamvis
687 3853 803 3914 multas
828 3854 867 3914 de
889 3857 1021 3934 Aesopo.
1039 3851 1171 3912 fabellas
1196 3841 1289 3915 refe--¹
1378 3847 1380 3918 i

216 3961 295 4026 'rat
323 3981 360 4020 uc
393 3962 505 4046 lingat,
540 3963 626 4023 illam
647 3950 940 4047 tameri'uusquam
964 3964 1014 4021 vel
1036 3962 1138 4022 verbo
1161 3963 1285 4046 tangit:
1378 3965 1380 4054 J

244 4089 308 4148 pen
329 4069 665 4152 mundationum:
703 4075 809 4137 aliena
843 4085 918 4134 sarit
952 4074 1038 4142 euim
1060 4094 1097 4134 ea
1122 4093 1207 4156 quae
1231 4074 1287 4138 iu·
1377 4079 1379 4098 ¹
