2804 4652
414 179 451 206 ⁹*
516 197 760 268 *7⁴15*ss

605 370 678 454 ΠΙ.
755 389 760 403 ’

89 529 266 652 Igitur
300 559 455 627 quum
424 508 457 598 et
478 545 553 601 ante
566 531 752 630 Aesopum
763 545 795 598 et
819 529 888 621 ejus
912 500 1064 620 aequales
1087 536 1160 598 fne-
1210 616 1212 627 k

120 625 211 730 ιιιιῐ,
247 650 303 748 qui
325 639 449 710 sahulas
473 635 652 709 finierunt.
685 633 849 731 Aesopum
878 668 990 708 earnm
1012 645 1163 708 invento-

86 754 91 760 ’
121 783 195 852 rem
217 759 283 822 dici
307 780 372 848 non
394 779 490 842 posse
510 765 655 844 apparet
680 755 878 820 Sedfactum
889 759 943 818 est
953 755 1062 816 mhoc
1075 756 1164 816 luta
1195 788 1200 799 ‹

32 874 34 880 '
121 853 236 964 rarum
257 890 394 954 genere,
419 865 538 952 quod
528 890 563 928 ιιι
586 865 759 945 omnihus,-
784 875 821 927 ut
845 866 900 952 qui
921 867 1046 950 primus
1069 863 1163 954 egre·

123 971 210 1080 giam
240 979 275 1039 iu
305 987 373 1040 arte
403 977 512 1064 aliqua
540 978 676 1065 gloriam
697 999 776 1060 prae
800 977 916 1039 ceteris
940 987 1026 1040 esset
1047 999 1164 1064 conse-

126 1097 233 1184 cutus,
255 1083 446 1188 posthabitis
469 1087 603 1166 ceteris,
627 1087 684 1174 qui
691 1079 782 1148 ante
806 1109 880 1166 eum
903 1072 1049 1174 ejusdem
1071 1069 1165 1190 initia
1255 1120 1258 1127 ·

124 1209 318 1286 posuerant,
341 1185 428 1261 solus
451 1199 537 1260 illius
561 1197 713 1260 inventor
737 1197 924 1276 diceretur,
956 1187 1055 1284 atquc
1079 1199 1166 1261 inse..

128 1317 250 1394 quente
277 1319 425 1393 tempore
457 1330 675 1393 quaecunque
698 1305 743 1369 in
774 1329 812 1368 ea
842 1308 881 1370 ah
905 1308 974 1392 aliis
996 1311 1166 1391 praeclara

124 1413 395 1502 praestarentur,
429 1417 491 1480 uisi
532 1419 653 1480 diserte
693 1417 839 1480 additum
871 1419 1025 1480 auctoris.
1046 1442 1166 1481 nomen

24 1499 48 1579 A·
127 1517 228 1607 esset,
254 1525 279 1612 ³)
312 1529 431 1589 adeum
466 1529 682 1588 referrentur.
724 1529 943 1612 Accingamur
974 1546 1051 1614 ergo
1075 1549 1165 1590 nunc
1218 1571 1220 1579 »

60 1631 90 1689 .‘
128 1619 170 1698 Ad
200 1659 271 1698 eam
301 1633 583 1719 disputationem
584 1657 668 1719 quae
695 1640 845 1698 ‘versatur
877 1638 922 1698 iu
941 1623 1166 1722 ponderandis

76 1821 83 1835 ἢ
128 1766 168 1806 ac
207 1743 467 1806 diiudicandis
459 1744 515 1823 ris,
546 1767 629 1830 quae
660 1743 700 1806 de
721 1747 840 1830 Aesopi
871 1769 1013 1831 persona
1034 1747 1170 1833 sataque

129 1856 165 1915 et
200 1855 299 1916 rebus
340 1853 434 1938 gestis
476 1855 515 1914 ab
551 1853 691 1938 antiquis
731 1857 946 1938 scriptoribus
981 1857 1169 1920 traduntur.
1257 1906 1266 1928 .

129 1959 196 2024 Sed
228 1963 284 2023 hic
312 1963 411 2045 plena
437 1953 649 2024 tehehrarum
689 1973 721 2026 et
753 1969 903 2028 errorum
942 1977 1019 2028 sunt
1049 1971 1169 2032 omnia.

71 2061 91 2076 ⁰
128 2069 275 2135 Primum
298 2073 385 2135 cuim
407 2095 529 2160 omues,
554 2095 571 2135 e
595 2073 713 2158 quibus
738 2087 849 2138 nostra
870 2077 1052 2141 haurienda
1073 2081 1169 2142 nobis

96 2265 101 2274 .
131 2192 223 2270 suunt,
246 2184 350 2244 fontes
373 2191 439 2243 tam
459 2187 674 2268 parumpuri
696 2197 782 2266 suut,
806 2199 839 2250 ct
859 2191 990 2269 sinceri,
1013 2193 1051 2252 ut
1073 2177 1184 2276 quida

131 2291 311 2392 quidinde
333 2293 393 2352 tihi
415 2294 563 2372 manarit,
586 2279 783 2381 priusquam
799 2298 832 2358 in
856 2321 950 2361 usum
972 2283 1067 2362 tuum
1089 2322 1172 2364 con-

129 2409 262 2482 vertas,
297 2401 471 2465 admodum
500 2403 654 2466 accurate
686 2409 974 2490 contemplandum
1007 2411 1171 2494 sitatque
1220 2467 1222 2474 ,

131 2511 423 2594 perscrutandum
447 2534 597 2574 necraro
621 2517 668 2591 ea',
693 2537 776 2600 quae
801 2517 1053 2580 commodetih'i
1076 2522 1173 2584 allata

132 2615 298 2704 putaveris
325 2625 369 2690 'ut
397 2624 519 2709 egregii
542 2624 675 2716 adrem
697 2617 1096 2712 explicandam'ponderis
1118 2619 1174 2694 fuss

29 2731 30 2736 ’
128 2739 223 2810 tura,
255 2732 386 2793 tandem
419 2741 456 2793 ut
489 2733 568 2796 falsa
591 2745 624 2794 et
645 2735 721 2797 ficta
745 2737 930 2798 abiicienda
952 2729 1026 2802 esse
1045 2761 1171 2803 cernas.
1259 2784 1261 2792 ,

135 2829 462 2925 Qui'antiquissimus
487 2853 535 2905 est
557 2843 597 2905 de
620 2847 756 2930 Aesopo
770 2829 890 2932 testis,
904 2849 1091 2913 Herodotus
1116 2845 1175 2913 ad-

135 2947 269 3026 modum
281 2972 384 3032 pauca
397 2973 500 3035 eaque
517 2955 551 3014 in
574 2964 765 3020 transcursu
783 2967 909 3022 tautum
928 2970 1174 3030 commemorat:
1250 3035 1253 3041 .
1335 2967 1337 2975 ⁴

70 3087 72 3104 ·
137 3047 231 3118 cuius
255 3067 374 3120 utrum
407 3061 440 3142 iu
468 3063 518 3124 his
550 3067 647 3128 etiam
669 3068 891 3132 addubitanda
913 3069 955 3140 sit
976 3071 1174 3152 auctoritas,

137 3165 321 3248 quaesitum
339 3168 423 3229 illud
444 3173 570 3254 saepius
593 3197 612 3236 a
633 3176 710 3238 viris
734 3177 851 3260 doctis,
875 3185 933 3242 nos
949 3160 1175 3244 infra'videhi-
1271 3174 1273 3183 ¹

95 3347 98 3350 ¹
134 3277 217 3340 miss.
228 3275 365 3342 Praeter
374 3277 1175 3378 pauculaHeraclidisPontiei,plurimadeAesopi
1209 3274 1215 3281 x
1240 3325 1245 3342 a

134 3385 242 3470 patria
262 3386 430 3490 rebusque
452 3392 546 3473 gestis
576 3398 752 3466 memoriae
781 3391 960 3486 prodidere
981 3400 1175 3486 posterioris

7 3499 9 3504 ’
64 3587 68 3593 ¹
135 3496 256 3558 aetatis
272 3487 471 3579 sciiptores,
498 3499 730 3567 Plutarchus
721 3510 871 3597 inprimis
896 3519 930 3574 et
950 3511 1175 3598 Aristnphanis

121 3593 330 3693 'scholiastm
354 3627 391 3669 ex
413 3609 518 3730 iisque
542 3605 692 3696 Suidas,
710 3627 952 3752 praetereaque
980 3621 1179 3720 paucissima

35 3762 39 3766 ,
133 3745 430 3766 m

140 3823 193 3892 3)
219 3825 278 3876 lm'o
310 3827 394 3880 etiam
427 3838 503 3883 tum:
537 3787 734 3918 Archilochi
729 3839 804 3892 enini
832 3823 943 3893 fahala
958 3839 1030 3891 ab
1022 3833 1083 3910 ipso
1092 3821 1197 3894 Art„

74 3992 76 3996 ι
139 3897 353 3994 stephane
378 3930 489 4003 Aesopo
516 3932 668 4006 tribuitur,
691 3941 774 4048 quod
800 3939 874 3997 hene
894 3939 1092 4052 animadvertit
1113 3942 1173 4013 ejus

105 4034 183 4072 ιι.
199 4023 366 4084 scholiasta
381 4031 417 4136 ad
435 4034 551 4097 Av'tav
571 4039 645 4098 652.
897 4043 901 4050 ’
953 4045 958 4052 “
