2804 4652
116 405 201 472 Phil.
230 409 288 472 rel.
316 428 347 492 p.
378 409 461 476 38ss
490 410 596 474 Alexis
624 408 824 472 veroetiam
847 409 880 468 in
903 406 1012 468 fabula
1033 399 1153 479 ΜῙΜ
1243 435 1245 442 ·

13 575 16 582 ,
116 529 159 596 (v.
182 521 299 583 Athen.
321 519 391 596 Vll,
413 543 444 604 p.
468 522 541 598 289,
563 521 597 595 f.)
619 541 680 602 per
701 518 822 580 Minois
840 537 1019 601 personam
1039 515 1149 622 pbilo-

84 701 85 710 χ
110 629 237 712 'sophos
271 640 305 691 et
331 629 488 711 politicos
519 629 627 690 risisse
653 629 799 690 videtum
835 628 877 689 ad
904 646 1040 720 eamque
1062 625 1150 688 refe·

41 801 44 806 ,
116 739 221 802 reuda
243 740 379 800 fortasse
402 749 452 800 est
468 740 549 801 vasis
565 739 734 802 cuiusdam
755 740 894 823 pictura,
917 735 1031 818 inqu-a
1042 735 1149 796 Minos
1224 783 1238 802 ,

118 843 215 911 sedet
232 848 445 931 (adscriptum
467 858 516 910 est
538 848 625 910 enim
647 853 778 915 nomen)
801 867 858 908 ore
879 845 992 906 hiante
1014 842 1149 906 brachia

117 959 258 1022 tendens
287 979 398 1020 versus
427 959 608 1020 adstantem
636 968 712 1020 ante
740 979 816 1025 eum
837 956 1017 1032 hominem,
1040 953 1151 1038 legum

116 1069 244 1131 tabulas
266 1077 446 1146 tenentem,
475 1067 531 1151 qui
564 1069 636 1152 quis
660 1069 789 1130 sitnon
814 1066 888 1126 satis
911 1074 1016 1149 patet,
1039 1065 1149 1147 neque

117 1201 155 1242 ex
184 1177 347 1259 adscripto
378 1179 508 1238 nomine
537 1157 686 1252 (KPIA)
709 1177 877 1238 enucleari
903 1184 1026 1258 potesta
1054 1173 1147 1236 cuius

15 1345 18 1350 .
62 1304 64 1314 ·
118 1287 250 1372 quidem
272 1288 421 1371 picturae
444 1288 593 1348 notitiam
614 1289 755 1372 benigne
778 1309 905 1350 mecum
928 1285 1150 1346 communica·
1262 1341 1264 1345 Α

112 1399 165 1459 rit
185 1407 382 1479 praeceptor
403 1383 621 1473 reverendus,
646 1397 738 1458 cuius
761 1397 901 1470 illucet,
926 1391 1146 1458 Heinrichiirs.

156 1510 271 1590 ltaque
303 1502 567 1588 quumv'eomicis
601 1507 789 1588 philosophi
823 1505 954 1566 ridendi
981 1502 1149 1576 materiam

89 1631 95 1652 '·
115 1619 212 1678 toties
235 1618 469 1706 praehuerint,
490 1626 522 1676 et
545 1638 646 1697 quum
667 1615 701 1676 id
725 1626 809 1676 esset
829 1618 1031 1676 Graecorum
1052 1615 1150 1694 atque

40 1771 43 1778 .
114 1724 479 1804 inprimis·Atticorum
507 1724 675 1808 ingenium
706 1743 810 1805 eaque
831 1721 1004 1798 festivitas,
1034 1729 1071 1781 ut
1092 1734 1149 1782 vt·

1 1888 5 1895 .
117 1833 250 1894 ritatem
276 1854 393 1915 parum
416 1842 566 1896 curantes
590 1827 824 1915 lepidissimum
847 1833 1003 1918 quodque
1024 1823 1148 1914 lingere

17 1977 19 1987 v
65 1971 67 1984 ·
118 1943 285 2025 copulam
309 1944 419 2025 eloqui
443 1963 509 2004 uon
533 1943 740 2005 dubitarent:
763 1944 818 2025 qui
843 1945 976 2004 tandem
996 1941 1067 2004 lieri
1088 1929 1161 2022 po-¹

116 2061 228 2128 terat,
265 2061 302 2112 nt
333 2072 398 2112 nou
431 2054 592 2136 permulta
623 2054 883 2139 excogitarentur
911 2053 952 2114 'ad
980 2040 1151 2114 hominum

110 2161 250 2222 'illorum
273 2161 446 2246 ingenium
462 2184 499 2222 ae
521 2182 627 2225 mores
649 2185 783 2246 prorsus
812 2164 944 2247 quidem
966 2182 1151 2224 accommo-

118 2272 209 2345 data,
232 2272 272 2332 ad
294 2271 465 2342 veritatem
487 2271 741 2336 nihilomninus
772 2297 855 2357 quae
885 2299 903 2336 a
924 2274 1064 2357 posteris
1080 2261 1148 2336 ho·
1181 2253 1184 2260 ¹
1220 2348 1222 2358 Ι

115 2383 256 2443 minibus
264 2413 279 2458 ,⁴
303 2382 452 2468 leporem
481 2406 498 2442 a
525 2383 664 2446 veritate
687 2383 887 2468 distinguere
903 2383 1149 2458 nescientibus,

31 2514 43 2535 r
114 2503 184 2575 pro·
198 2492 283 2552 veris
307 2492 472 2574 certisque
494 2491 604 2552 habita
627 2492 660 2552 iu
675 2493 845 2574 sequentia
858 2501 1007 2573 tempora
1022 2491 1147 2554 redun-
1241 2544 1244 2552 ,

101 2602 253 2691 'darnah
277 2609 376 2684 atque
398 2623 417 2662 a
439 2601 654 2686 grammaticis
681 2611 715 2662 et
734 2600 968 2685 lexicographis
992 2601 1146 2684 denique,

41 2763 43 2768 .
116 2711 191 2772 satis
214 2732 449 2794 nonnunquam
471 2699 608 2794 ineptis,
639 2711 731 2774 anrie
761 2733 891 2774 corrasa
914 2722 947 2774 et
968 2695 1148 2790 cumulata,
1186 2723 1189 2731 '

8 2899 15 2910 Ι
116 2822 283 2903 hodieque
312 2845 331 2883 a
357 2822 504 2906 plurimis
532 2844 593 2905 pro
622 2822 719 2886 rebus
747 2822 811 2884 fide
842 2823 1016 2884 admodum
1030 2822 1147 2906 ⁸dignis

119 2929 335 2991 venditantur.
409 2933 598 2996 Cuiusmodi
635 2935 894 2995 commentorum
929 2927 1073 3016 exempla
1110 2943 1147 2993 er

113 3018 340 3124 Aristophanis
362 3043 506 3103 Nubibus
529 3045 631 3126 petita
654 3065 724 3120 non
744 3053 792 3104 est
813 3037 910 3126 quod
924 3042 1034 3121 multis
1048 3061 1147 3123 expo·

118 3171 203 3208 nam.
253 3149 318 3209 Sed
347 3153 556 3216 memorabile
581 3154 759 3236 exemplum
781 3153 863 3214 illud
887 3163 936 3214 est
957 3151 1045 3234 apud
1067 3152 1147 3212 Gra-

113 3257 224 3318 tinum
245 3255 429 3320 de'Solone
457 3273 684 3340 commentum,
708 3285 779 3326 ossa
803 3263 870 3325 eius
894 3261 1146 3325 in'Salaminem

103 3365 254 3458 insulam
277 3366 395 3442 collata
417 3389 484 3432 esse
508 3369 694 3460 ibidemque
723 3374 905 3449 combusta,
934 3373 1146 3454 cineremque

88 3517 89 3522 κ
114 3477 471 3558 per‘totam'insulam
503 3502 571 3543 esse
601 3483 796 3564 dispersam,-
818 3505 923 3566 quarn
950 3483 1144 3566 „hominum

110 3570 278 3648 -fabulam“
307 3588 457 3650 Cratinus
487 3589 583 3669 dixit,
614 3613 721 3675 neque
749 3593 999 3654 Plutarchus-iu
1022 3591 1145 3652 Solone

112 3707 194 3760 extr.
223 3698 331 3760 fictam
358 3720 427 3760 esse
455 3700 616 3764 dubitavit
644 3702 820 3780 affirmare,
856 3705 909 3764 cui
940 3713 1047 3764 tamen
1078 3719 1144 3759 non

112 3809 270 3870 Aristides
292 3810 404 3870 solum
434 3811 467 3876 in
494 3812 636 3874 secunda
664 3813 823 3875 Oratione
854 3812 1023 3874 Platonica
1048 3809 1151 3874 fidem·
1259 3889 1263 3903 ³

65 4007 70 4022 x
112 3920 234 3993 hahet,
258 3922 332 3997 sed,
354 3895 531 3984 Plutarohb
555 3921 687 4006 quidem
714 3933 814 4000 teste,
844 3901 1143 4004 Aristotele's'ipse.
1224 3994 1226 3997 ,

112 4031 388 4115 Eademtprorsns
412 4035 539 4108 ratione
561 4033 707 4096 fabulosa
730 4043 766 4118 et
786 4031 1047 4126 echomicorum
1070 4035 1144 4118 qui·
1218 4048 1224 4057 “
1308 4038 1313 4054 ‘
